% This file was created with JabRef 2.7b.
% Encoding: UTF-8

@STRING{ag = {Advances in Geosciences}}

@STRING{arfm = {Annual Review of Fluid Mechanics}}

@STRING{asl = {Atmospheric Science Letters}}

@STRING{awr = {Advances in Water Resources}}

@STRING{bams = {Bulletin of the American Meteorological Society}}

@STRING{bgta = {Bollettino di Geofisica Teorica e Applicata}}

@STRING{blm = {Boundary-Layer Meteorology}}

@STRING{cagd = {Computer Aided Geometric Design}}

@STRING{cd = {Climate Dynamics}}

@STRING{csda = {Computational Statistics \& Data Analysis}}

@STRING{csr = {Continental Shelf Research}}

@STRING{dao = {Dynamics of Atmospheres and Oceans}}

@STRING{dhz = {Deutsche Hydrographische Zeitschrift}}

@STRING{dsr = {Deep-Sea Research}}

@STRING{dsr1 = {Deep-Sea Research I}}

@STRING{dsr2 = {Deep-Sea Research II}}

@STRING{ees = {Environmental and Ecological Statistics}}

@STRING{eg = {Economic Geology}}

@STRING{ems = {Environmental Modelling \& Software}}

@STRING{erl = {Environmental Research Letters}}

@STRING{esr = {Earth-Science Reviews}}

@STRING{gbc = {Global Biogeochemical Cycles}}

@STRING{geb = {Global Ecology and Biogeography}}

@STRING{grl = {Geophysical Research Letters}}

@STRING{ijclim = {International Journal of Climatology}}

@STRING{ijgis = {International Journal of Geographical Information Systems}}

@STRING{ijrs = {International Journal of Remote Sensing}}

@STRING{jaot = {Journal of Atmospheric and Oceanic Technology}}

@STRING{jas = {Journal of the Atmospheric Sciences}}

@STRING{jasa = {Journal of the American Statistical Association}}

@STRING{jclim = {Journal of Climate}}

@STRING{jcmmssa = {Journal of the Chemical, Metallurgical and Mining Society of South
	Africa}}

@STRING{jcp = {Journal of Computational Physics}}

@STRING{jgr = {Journal of Geophysical Research}}

@STRING{jkss = {Journal of the Korean Statistical Society}}

@STRING{jmp = {Journal of Mathematics and Physics}}

@STRING{jmr = {Journal of Marine Research}}

@STRING{jms = {Journal of Marine Systems}}

@STRING{jo = {Journal of Oceanography}}

@STRING{jpo = {Journal of Physical Oceanography}}

@STRING{jrssb = {Journal of the Royal Statistical Society: Series B (Statistical Methodology)}}

@STRING{jscs = {Journal of Statistical Computation and Simulation}}

@STRING{lo = {Limnology and Oceanography}}

@STRING{mb = {Marine Biology}}

@STRING{mg = {Mathematical Geology}}

@STRING{mwr = {Monthly Weather Review}}

@STRING{nm = {Numerische Mathematik}}

@STRING{oa = {Oceanologica Acta}}

@STRING{od = {Ocean Dynamics}}

@STRING{om = {Ocean Modelling}}

@STRING{os = {Ocean Science}}

@STRING{pce = {Physics and Chemistry of the Earth}}

@STRING{po = {Progress in Oceanography}}

@STRING{qjrms = {Quarterly Journal of the Royal Meteorological Society}}

@STRING{serra = {Stochastic Environmental Research and Risk Assessment}}

@STRING{sg = {Surveys in Geophysics}}

@STRING{sm = {Scientia Marina}}

@STRING{tac = {Theoretical and Applied Climatology}}

@BOOK{ABRAMOWITZ64,
  title = {Handbook of Mathematical Functions with Formulas, Graphs, and Mathematical
	Tables},
  publisher = {Dover},
  year = {1964},
  author = {Milton Abramowitz and Irene A. Stegun},
  address = {New York}
}

@ARTICLE{ALVERA07,
  author = {Alvera-Azc\'{a}rate, A. and A. Barth and J.-M. Beckers and R. Weisberg},
  title = {Multivariate reconstruction of missing data in sea surface temperature,
	chlorophyll and wind satellite fields},
  journal = jgr,
  year = {2007},
  volume = {112},
  pages = {C03008},
  doi = {10.1029/2006JC003660},
  owner = {charles},
  timestamp = {2009.07.31}
}

@ARTICLE{ALVERA07b,
  author = {A. Alvera-Azc\'{a}rate and A. Barth and J.-M. Beckers and R. H. Weisberg},
  title = {Correction to {M}ultivariate reconstruction of missing data in sea
	surface temperature, chlorophyll, and wind satellite fields},
  journal = jgr,
  year = {2007},
  volume = {112},
  pages = {C05099},
  doi = {10.1029/2007JC004243},
  owner = {charles},
  timestamp = {2009.07.31}
}

@ARTICLE{ALVERA05,
  author = {Alvera-Azc\'{a}rate, A. and A. Barth and M. Rixen and J.-M. Beckers},
  title = {Reconstruction of incomplete oceanographic data sets using {E}mpirical
	{O}rthogonal {F}unctions. {A}pplication to the {A}driatic {S}ea},
  journal = om,
  year = {2005},
  volume = {9},
  pages = {325-346},
  doi = {10.1016/j.ocemod.2004.08.001},
  owner = {charles},
  timestamp = {2011.06.01}
}

@ARTICLE{ALVERA09,
  author = {A. Alvera-Azc\'{a}rate and A. Barth and D. Sirjacobs and and J.-M.
	Beckers},
  title = {{Enhancing temporal correlations in EOF expansions for the
	
	reconstruction of missing data using DINEOF}},
  journal = os,
  year = {2009},
  volume = {5},
  pages = {475-485},
  number = {4},
  doi = {10.5194/os-5-475-2009},
  owner = {charles},
  timestamp = {2009.12.10},
  url = {www.ocean-sci.net/5/475/2009/}
}

@ARTICLE{BARTH10,
  author = {A. Barth and A. Alvera-Azc\'{a}rate and C. Troupin and M. Ouberdous
	and J.-M. Beckers},
  title = {{A web interface for griding arbitrarily distributed in situ data
	based on Data-Interpolating Variational Analysis (DIVA)}},
  journal = ag,
  year = {2010},
  volume = {28},
  pages = {29-37},
  doi = {10.5194/adgeo-28-29-2010},
  owner = {charles},
  timestamp = {2010.10.31},
  url = {www.adv-geosci.net/28/29/2010/}
}

@UNPUBLISHED{BARTH13,
  author = {A. Barth and J.-M- Beckers and C. Troupin and A. Alvera-Azc\'arate
	and L. Vandenbulcke},
  title = {{\texttt{divand}-1.0: n-dimensional variational data analysis for
	ocean}},
  note = {submitted to } # gmd,
  owner = {ctroupin},
  timestamp = {2013.10.21}
}

@ARTICLE{BECKERS06,
  author = {Beckers, J.-M. and A. Barth and A. Alvera-Azc\'{a}rate},
  title = {{DINEOF} reconstruction of clouded images including error maps. {A}pplication
	to the sea-surface temperature around {C}orsican island},
  journal = os,
  year = {2006},
  volume = {2},
  pages = {183-199},
  doi = {10.5194/os-2-183-2006},
  owner = {charles},
  timestamp = {2011.06.01},
  url = {http://www.ocean-sci.net/2/183/2006/}
}

@UNPUBLISHED{BECKERS13,
  author = {J.-M. Beckers and A. Barth and C. Troupin and A. Alvera-Azc\'arate},
  title = {{Some approximate and efficient methods to assess error fields in
	spatial gridding with Diva (Data Interpolating Variational Analysis)}J.
	Atmos. Oceanic Tech.},
  note = {submitted to J. Atmos. Oceanic Tech.},
  owner = {ctroupin},
  timestamp = {2013.07.02}
}

@ARTICLE{BECKERS03,
  author = {Beckers, J.-M. and M. Rixen},
  title = {{EOF} Calculation and Data Filling from Incomplete Oceanographic
	Datasets},
  journal = jaot,
  year = {2003},
  volume = {20},
  pages = {1839-1856},
  number = {10},
  doi = {10.1175/1520-0426(2003)020<1839:ECADFF>2.0.CO;2},
  owner = {charles},
  timestamp = {2011.06.01}
}

@ARTICLE{BHASKAR12,
  author = {Tata Venkata Sai Udaya Bhaskar and Chiranjivi Jayaram and Eluri
	
	Pattabhi Rama Rao},
  title = {Comparison between {A}rgo-derived sea surface temperature and microwave
	
	sea surface temperature in tropical {I}ndian {O}cean},
  journal = {Remote Sensing Letters},
  year = {2012},
  volume = {4},
  pages = {141-150},
  number = {2},
  doi = {10.1080/2150704X.2012.711955},
  owner = {charles},
  timestamp = {2012.08.03}
}

@TECHREPORT{BOYER09,
  author = {T.~P.~Boyer and J.~I.~Antonov and O.~K.~Baranova and H.~E.~Garcia
	and D.~R.~Johnson and R.~A.~Locarnini and A.~V.~Mishonov and T.~D.~O'Brien
	and D.~Seidov and I.~V.~Smolyar and M.~M.~Zweng},
  title = {{World Ocean Database 2009, Chapter 1: Introduction}},
  institution = {U.S. Government Printing Office},
  year = {2009},
  address = {{Washington, D.C.}},
  note = {216 pp.},
  owner = {charles},
  timestamp = {2010.01.21}
}

@ARTICLE{BRANKART98,
  author = {Brankart, J.-M. and P. Brasseur},
  title = {The general circulation in the {M}editerranean {S}ea: a climatological
	approach},
  journal = jms,
  year = {1998},
  volume = {18},
  pages = {41-70},
  number = {1-3},
  doi = {10.1016/S0924-7963(98)00005-0},
  owner = {charles},
  timestamp = {2010.08.16},
  url = {http://www.sciencedirect.com/science/article/pii/S0924796398000050}
}

@ARTICLE{BRANKART96,
  author = {Brankart, J.-M. and P. Brasseur.},
  title = {Optimal Analysis of In Situ Data in the {W}estern {M}editerranean
	Using Statistics and Cross-Validation},
  journal = jaot,
  year = {1996},
  volume = {13},
  pages = {477-491},
  doi = {10.1175/1520-0426(1996)013<0477:OAOISD>2.0.CO;2},
  owner = {charles},
  timestamp = {2010.08.16},
  url = {http://journals.ametsoc.org/doi/abs/10.1175/1520-0426%281996%29013%3C0477%3AOAOISD%3E2.0.CO%3B2}
}

@PHDTHESIS{BRASSEUR94,
  author = {Brasseur, P.},
  title = {Reconstruction de champs d'observations oc\'{e}anographiques par
	le {M}od\`{e}le {V}ariationnel {I}nverse: M\'{e}thodologie et Applications},
  school = {University of {L}i\`{e}ge},
  year = {1994},
  owner = {charles},
  timestamp = {2010.08.16}
}

@ARTICLE{BRASSEUR96,
  author = {Brasseur, P. and J.-M. Beckers and J.-M. Brankart and R. Schoenauen},
  title = {Seasonal temperature and salinity fields in the {M}editerranean {S}ea:
	{C}limatological analyses of a historical data set},
  journal = dsr1,
  year = {1996},
  volume = {43},
  pages = {159-192},
  number = {2},
  doi = {10.1016/0967-0637(96)00012-X},
  owner = {charles},
  timestamp = {2010.08.16},
  url = {http://www.sciencedirect.com/science/article/pii/096706379600012X}
}

@ARTICLE{BRASSEUR91b,
  author = {P. Brasseur and J. Haus},
  title = {{Application of a 3-D variational inverse model to the analysis
	
	of ecohydrodynamic data in the Northern Bering
	
	and Southern Chukchi Seas}},
  journal = jms,
  year = {1991},
  volume = {1},
  pages = {383-401},
  doi = {10.1016/0924-7963(91)90006-G},
  owner = {Charles},
  timestamp = {2008.11.19}
}

@ARTICLE{BRASSEUR91,
  author = {P. P. Brasseur},
  title = {{A variational inverse method for the reconstruction of general circulation
	fields in the northern Bering Sea}},
  journal = jgr,
  year = {1991},
  volume = {96},
  pages = {4891-4907},
  number = {C3},
  doi = {10.1029/90JC02387},
  owner = {charles},
  timestamp = {2009.07.30},
  url = {http://www.agu.org/pubs/crossref/1991/90JC02387.shtml}
}

@ARTICLE{BRETHERTON76,
  author = {F. P. Bretherton and R. E. Davis and C. Fandry},
  title = {A technique for objective analysis and design of oceanographic instruments
	applied to {MODE}-73},
  journal = dsr,
  year = {1976},
  volume = {23},
  pages = {559-582},
  doi = {10.1016/0011-7471(76)90001-2}
}

@BOOK{CHILES99,
  title = {{Geostatistics: Modeling spatial uncertainty}},
  publisher = {Wiley-Interscience},
  year = {1999},
  author = {J.-P. Chil\`{e}s and P. Delfiner},
  pages = {720},
  edition = {1st},
  note = {{ISBN 0-471-08315-1}},
  owner = {charles},
  timestamp = {2011.10.05}
}

@ARTICLE{CRAVEN78,
  author = {Craven, Peter and Wahba, Grace},
  title = {Smoothing noisy data with spline functions},
  journal = {Numerische Mathematik},
  year = {1978},
  volume = {31},
  pages = {377-403},
  number = {4},
  affiliation = {The Computer Laboratory The University of Liverpool Liverpool England},
  doi = {10.1007/BF01404567},
  issn = {0029-599X},
  issue = {4},
  keyword = {Mathematics and Statistics},
  owner = {charles},
  publisher = {Springer Berlin / Heidelberg},
  timestamp = {2010.11.11}
}

@ARTICLE{CRESSMAN59,
  author = {G. P. Cressman},
  title = {An operational objective analysis system},
  journal = mwr,
  year = {1959},
  volume = {87},
  pages = {367-374},
  number = {10},
  doi = {10.1175/1520-0493(1959)087<0367:AOOAS>2.0.CO;2},
  owner = {charles},
  timestamp = {2011.11.29}
}

@ARTICLE{DELHOMME78,
  author = {J.P. Delhomme},
  title = {Kriging in the hydrosciences},
  journal = awr,
  year = {1978},
  volume = {1},
  pages = {251-266},
  number = {5},
  doi = {10.1016/0309-1708(78)90039-8},
  owner = {charles},
  timestamp = {2011.09.29}
}

@ARTICLE{KARAFISTAN98,
  author = {A. {Denis-Karafistan} and J.-M. Martin and H. Minas and P. Brasseur
	and J. Nihoul and C. Denis},
  title = {Space and seasonal distributions of nitrates in the Mediterranean
	Sea derived from a variational inverse model},
  journal = dsr1,
  year = {1998},
  volume = {45},
  pages = {387-408},
  number = {2-3},
  doi = {10.1016/S0967-0637(97)00089-7},
  owner = {charles},
  timestamp = {2009.07.23},
  url = {http://www.sciencedirect.com/science/article/pii/S0967063797000897}
}

@ARTICLE{FRANKE85,
  author = {R. Franke},
  title = {Thin plate splines with tension},
  journal = cagd,
  year = {1985},
  volume = {2},
  pages = {87-95},
  number = {1-3},
  doi = {10.1016/0167-8396(85)90011-1},
  owner = {charles},
  timestamp = {2011.10.14}
}

@TECHREPORT{GANDIN65,
  author = {L. S. Gandin},
  title = {Objective Analysis of Meteorological Fields},
  institution = {Israel Program for Scientific Translations},
  year = {1965},
  address = {Jerusalem},
  journal = {Israel Program for Scientific Translations},
  notes = {242 pp.}
}

@ARTICLE{GIRARD89,
  author = {D. Girard},
  title = {A fast {M}onte-{C}arlo cross-validation procedure for large least
	squares problems with noisy data},
  journal = {Numerische Mathematik},
  year = {1989},
  volume = {56},
  pages = {1-23},
  number = {1},
  doi = {10.1007/BF01395775}
}

@ARTICLE{GOMIS01,
  author = {Gomis, D. and Ruiz, S. and Pedder, M.},
  title = {Diagnostic analysis of the {3D} ageostrophic circulation from a multivariate
	spatial interpolation of {CTD} and {ADCP} data},
  journal = dsr,
  year = {2001},
  volume = {48},
  pages = {269-295},
  number = {1},
  doi = {10.1016/S0967-0637(00)00060-1},
  owner = {charles},
  timestamp = {2010.11.11}
}

@ARTICLE{HARTMAN08,
  author = {Linda Hartman and Ola H\"{o}ssjer},
  title = {{Fast kriging of large data sets with Gaussian Markov random fields}},
  journal = csda,
  year = {2008},
  volume = {52},
  pages = {2331-2349},
  number = {5},
  doi = {10.1016/j.csda.2007.09.018},
  issn = {0167-9473},
  keywords = {Spatial interpolation},
  owner = {charles},
  timestamp = {2011.09.29}
}

@ARTICLE{KAPLAN00,
  author = {Kaplan, Alexey and Kushnir, Yochanan and Cane, Mark A.},
  title = {Reduced Space Optimal Interpolation of Historical Marine Sea Level
	Pressure: 1854-1992*},
  journal = jclim,
  year = {2000},
  volume = {13},
  pages = {2987-3002},
  number = {16},
  doi = {10.1175/1520-0442(2000)013<2987:RSOIOH>2.0.CO;2},
  owner = {charles},
  timestamp = {2011.03.08},
  url = {http://journals.ametsoc.org/doi/abs/10.1175/1520-0442%282000%29013%3C2987%3ARSOIOH%3E2.0.CO%3B2}
}

@ARTICLE{KARAFISTAN02,
  author = {Karafistan, A. and J.-M. Martin and M. Rixen and J.-M. Beckers},
  title = {Space and time distributions of phosphates in the {M}editerranean
	{S}ea},
  journal = dsr1,
  year = {2002},
  volume = {49},
  pages = {67-82},
  number = {1},
  doi = {10.1016/S0967-0637(01)00042-5},
  owner = {charles},
  timestamp = {2010.08.16},
  url = {http://www.sciencedirect.com/science/article/pii/S0967063701000425}
}

@ARTICLE{KRIGE51,
  author = {D. G. Krige},
  title = {A statistical approach to some basic mine valuation problems on the
	{W}itwatersrand},
  journal = jgr,
  year = {1951},
  volume = {95},
  pages = {13529-13541}
}

@ARTICLE{MATHERON63,
  author = {G. Matheron},
  title = {Principles of geostatistics},
  journal = {J. {C}hem. {M}etall and {M}in. {S}oc. {S}outh {A}frica},
  year = {1963},
  volume = {52},
  pages = {119-139}
}

@ARTICLE{MCINTOSH90,
  author = {P. C. McIntosh},
  title = {Oceanographic data interpolation: objective analysis and splines},
  journal = jgr,
  year = {1990},
  volume = {95},
  pages = {13529-13541}
}

@BOOK{NIELSEN12,
  title = {Modeling of Thermo-Electro-Mechanical Manufacturing Processes with
	Applications in Metal Forming and Resistance Welding},
  publisher = {Springer},
  year = {2012},
  author = {Nielsen, {Chris Valentin} and Wengi Zhang and Luis Alves and Niels
	Bay and Martins, {Paulo F.}},
  series = {Springer Briefs in Applied Sciences and Technology: Manufacturing
	and Surface Engineering}
}

@ARTICLE{OOYAMA87,
  author = {K. V. Ooyama},
  title = {Scale-controlled objective analysis},
  journal = mwr,
  year = {1987},
  volume = {115},
  pages = {2479-2506},
  number = {10},
  doi = {10.1175/1520-0493(1987)115<2479:SCOA>2.0.CO;2},
  owner = {charles},
  timestamp = {2011.10.06}
}

@UNPUBLISHED{OUBERDOUS11,
  author = {M.~Ouberdous and C.~Troupin and F.~Lenartz and A.~Barth and J.-M.~Beckers},
  title = {\textsf{Diva} hydrographic data sets stabilisation: an optimal method},
  note = {in prep.},
  year = {2011},
  owner = {charles},
  timestamp = {2011.05.31}
}

@ARTICLE{RIXEN01,
  author = {Rixen, M. and J.-M. Beckers and J.T. Allen},
  title = {Diagnosis of vertical velocities with the {QG} {O}mega equation:
	a relocation method to obtain pseudo-synoptic data sets},
  journal = dsr1,
  year = {2001},
  volume = {48},
  pages = {1347-1373},
  number = {6},
  doi = {10.1016/S0967-0637(00)00085-6},
  owner = {charles},
  timestamp = {2010.08.16},
  url = {http://www.sciencedirect.com/science/article/pii/S0967063700000856}
}

@ARTICLE{RIXEN00,
  author = {Rixen, M. and J.-M. Beckers and J.-M. Brankart and P. Brasseur},
  title = {A numerically efficient data analysis method with error map generation},
  journal = om,
  year = {2000},
  volume = {2},
  pages = {45-60},
  number = {1-2},
  doi = {10.1016/S1463-5003(00)00009-3},
  owner = {charles},
  timestamp = {2010.08.16},
  url = {http://www.sciencedirect.com/science/article/pii/S1463500300000093}
}

@ARTICLE{RIXEN05,
  author = {Rixen, M. and J.-M. Beckers and S. Levitus and J. Antonov and T.
	Boyer and C. Maillard and M. Fichaut and E. Balopoulos and S. Iona
	and H. Dooley and M.-J. Garcia and B. Manca and A. Giorgetti and
	G. Manzella and N. Mikhailov and N. Pinardi and M. Zavatarelli and
	the Medar Consortium},
  title = {The {W}estern {M}editerranean {D}eep {W}ater: a proxy for global
	climate change},
  journal = grl,
  year = {2005},
  volume = {32},
  pages = {L12608},
  doi = {10.1029/2005GL022702},
  owner = {charles},
  timestamp = {2010.08.16},
  url = {http://www.agu.org/pubs/crossref/2005/2005GL022702.shtml}
}

@ARTICLE{RIXEN05b,
  author = {M. Rixen and J.-M. Beckers and C. Maillard and the {MEDAR Group}},
  title = {{A hydrographic and bio-chemical climatology of the Mediterranean
	and the Black Sea: a technical note on the use of coastal data}},
  journal = {Bollettino di Geofisica Teorica e Applicata},
  year = {2005},
  volume = {46},
  pages = {319-327},
  owner = {charles},
  timestamp = {2009.06.23}
}

@ARTICLE{SAUNDERS81,
  author = {P. M. Saunders},
  title = {Practical conversion of pressure to depth},
  journal = jpo,
  year = {1981},
  volume = {11},
  pages = {573-574},
  number = {4},
  doi = {10.1175/1520-0485(1981)011<0573:PCOPTD>2.0.CO;2},
  owner = {Charles},
  timestamp = {2008.11.12},
  url = {http://journals.ametsoc.org/doi/abs/10.1175/1520-0485%281981%29011%3C0573%3APCOPTD%3E2.0.CO%3B2}
}

@TECHREPORT{SCHLITZER12,
  author = {R. Schlitzer},
  title = {Ocean Data View User's Guide (Version 4.5.0)},
  institution = {Alfred Wegener Institute},
  year = {2012},
  owner = {charles},
  timestamp = {2012.11.01},
  url = {http://odv.awi.de/fileadmin/user_upload/odv/misc/odv4Guide.pdf}
}

@ARTICLE{SCHLITZER02,
  author = {R. Schlitzer},
  title = {{Interactive analysis and visualization of geoscience data with Ocean
	Data View}},
  journal = {Computers \& Geosciences},
  year = {2002},
  volume = {28},
  pages = {1211-1218},
  number = {10},
  doi = {10.1016/S0098-3004(02)00040-7},
  issn = {0098-3004},
  keywords = {Geoscience},
  owner = {charles},
  timestamp = {2011.04.30},
  url = {http://www.sciencedirect.com/science/article/B6V7D-46TB0P2-C/2/49937e4939d29fab010dc7f0af310bc8}
}

@ARTICLE{SCHWEIKERT66,
  author = {D. G Schweikert},
  title = {An interpolation curve using a spline in tension},
  journal = jmp,
  year = {1966},
  volume = {45},
  pages = {312-317},
  owner = {charles},
  timestamp = {2011.10.14}
}

@ARTICLE{SHEN98b,
  author = {Shen, S. and Smith, T. and Ropelewski, C. and Livezey, R.},
  title = {An optimal regional averaging method with error estimates and a test
	using tropical pacific {SST} data},
  journal = jclim,
  year = {1998},
  volume = {11},
  pages = {2340-2350},
  number = {9},
  doi = {10.1175/1520-0442(1998)011<2340:AORAMW>2.0.CO;2},
  owner = {charles},
  timestamp = {2010.11.11}
}

@ARTICLE{STEELE01,
  author = {M. Steele and R. Morley and W. Ermold},
  title = {{PHC}: {A} Global Ocean Hydrography with a High-Quality {A}rctic
	{O}cean},
  journal = jclim,
  year = {2001},
  volume = {14},
  pages = {2079-2087},
  number = {9},
  doi = {10.1175/1520-0442(2001)014<2079:PAGOHW>2.0.CO;2},
  owner = {charles},
  timestamp = {2011.11.30}
}

@BOOK{STOR99,
  title = {Statistical analysis in climate research},
  publisher = {Cambridge University Press},
  year = {1999},
  author = {von Storch, H. and Zwiers, F.},
  pages = {484},
  address = {Cambridge},
  note = {{ISBN 0-521-45071-3}},
  owner = {charles},
  timestamp = {2010.11.11}
}

@ARTICLE{TANDEO11,
  author = {Tandeo, Pierre and Ailliot, Pierre and Autret, Emmanuelle},
  title = {Linear {G}aussian state-space model with irregular sampling: application
	to sea surface temperature},
  journal = serra,
  year = {2011},
  volume = {25},
  pages = {793-804},
  affiliation = {Laboratoire d’Océanographie Spatiale, IFREMER, Plouzané, France},
  doi = {10.1007/s00477-010-0442-8},
  issn = {1436-3240},
  issue = {6},
  keyword = {Engineering},
  owner = {charles},
  publisher = {Springer Berlin / Heidelberg},
  timestamp = {2011.09.29}
}

@ARTICLE{TEAGUE90,
  author = {W. J. Teague and M.~J. Carron and P.~J. Hogan},
  title = {{A comparison between the Generalized Digital Environmental Model
	and Levitus climatologies}},
  journal = jgr,
  year = {1990},
  volume = {95},
  pages = {7167-7183},
  number = {C5},
  doi = {:10.1029/JC095iC05p07167},
  owner = {charles},
  timestamp = {2012.04.18}
}

@ARTICLE{MEDAR05,
  author = {{The MEDAR group}},
  title = {{A Mediterranean and Black Sea oceanographic database and network}},
  journal = {Bollettino di Geofisica Teorica ed Applicata},
  year = {2005},
  volume = {46},
  pages = {329-343},
  owner = {charles},
  timestamp = {2009.06.23}
}

@PHDTHESIS{TROUPIN11,
  author = {C. Troupin},
  title = {Study of the Cape Ghir upwelling filament using variational data
	analysis and regional numerical model},
  school = {University of Liège},
  year = {2011},
  month = {September},
  note = {{224 pp.}},
  owner = {charles},
  timestamp = {2011.12.16},
  url = {http://hdl.handle.net/2268/105400}
}

@ARTICLE{TROUPIN10,
  author = {C. Troupin and F. Mach\'{i}n and M. Ouberdous and D. Sirjacobs and
	A. Barth and J.-M. Beckers},
  title = {High-resolution Climatology of the North-East Atlantic using Data-Interpolating
	Variational Analysis (\textsf{Diva})},
  journal = jgr,
  year = {2010},
  volume = {115},
  pages = {C08005},
  doi = {10.1029/2009JC005512},
  owner = {charles},
  timestamp = {2009.12.10},
  url = {http://www.agu.org/pubs/crossref/2010/2009JC005512.shtml}
}

@ARTICLE{TROUPIN12,
  author = {C. Troupin and D. Sirjacobs and M. Rixen and P. Brasseur and J.-M.
	Brankart and A. Barth and A. Alvera-Azc\'{a}rate and A. Capet and
	M. Ouberdous and F. Lenartz and M.-E. Toussaint and J.-M. Beckers},
  title = {{Generation of analysis and consistent error fields using the Data
	Interpolating Variational Analysis (Diva)}},
  journal = om,
  year = {2012},
  volume = {52-53},
  pages = {90-101},
  doi = {10.1016/j.ocemod.2012.05.002},
  owner = {Charles},
  timestamp = {2008.11.15},
  url = {http://www.sciencedirect.com/science/article/pii/S1463500312000790}
}

@ARTICLE{TYBERGHEIN2012,
  author = {L. Tyberghein and H. Verbruggen and P. Klaas and C. Troupin and F.
	Mineur and O. {De~Clerck}},
  title = {{ORACLE}: a global environmental dataset for marine species distribution
	modeling},
  journal = {Global Ecology and Biogeography},
  year = {2012},
  volume = {21},
  pages = {272-281},
  number = {2},
  doi = {10.1111/j.1466-8238.2011.00656.x},
  owner = {charles},
  timestamp = {2010.09.17},
  url = {http://onlinelibrary.wiley.com/doi/10.1111/j.1466-8238.2011.00656.x/pdf}
}

@ARTICLE{WAHBA75,
  author = {G. Wahba},
  title = {Smoothing noisy data with spline functions},
  journal = {Numerische Mathematik},
  year = {1975},
  volume = {24},
  pages = {383-393}
}

@ARTICLE{WAHBA80,
  author = {G. Wahba and J. Wendelberger},
  title = {Some new mathematical methods for variational objective analysis
	using splines and cross validation},
  journal = {Monthly Weather Review},
  year = {1980},
  volume = {108},
  pages = {1122-1143}
}

@ARTICLE{YARI12,
  author = {S. Yari and V. Kova\u{c}evi\'{c} and V. Cardin and M. Ga\u{c}i\'{c}
	and H. L. Bryden},
  title = {{Direct estimate of water, heat, and salt transport through the Strait
	of Otranto}},
  journal = jgr,
  year = {2012},
  volume = {117},
  pages = {C09009},
  doi = {10.1029/2012JC007936},
  owner = {charles},
  timestamp = {2012.09.07},
  url = {http://www.agu.org/journals/jc/jc1209/2012JC007936/}
}

@CONFERENCE{ZENDER12,
  author = {C. S. Zender and P. Vicente and W. Wang},
  title = {NCO: Simpler and faster model evaluation by NASA satellite data via
	unified file-level netCDF and HDF-EOS data post-processing tools},
  booktitle = {Fall Meeting of the American Geophysical Union},
  year = {2012},
  volume = {{Eos Trans. AGU, 93}},
  number = {53},
  pages = {Abstract IN34A-07},
  address = {{San Francisco, CA}},
  month = {December},
  owner = {ctroupin},
  timestamp = {2013.04.22},
  url = {http://nco.sourceforge.net/}
}

@ARTICLE{ZHANG10,
  author = {Zhang, H. and Wang, Y.},
  title = {Kriging and cross-validation for massive spatial data},
  journal = {Environmetrics},
  year = {2010},
  volume = {21},
  pages = {290-304},
  number = {3-4},
  doi = {10.1002/env.1023},
  owner = {charles},
  timestamp = {2011.09.29}
}

